<record xmlns:xsi="http://www.w3.org/2001/XMLSchema-instance" xmlns="http://www.loc.gov/MARC21/slim" xsi:schemaLocation="http://www.loc.gov/MARC21/slim http://www.loc.gov/standards/marcxml/schema/MARC21slim.xsd">

  <leader>00709nab a22001937a 4500</leader>
  <controlfield tag="003">cru INIE</controlfield>
  <controlfield tag="005">20160831143216.0</controlfield>
  <controlfield tag="008">150514b1997    cl ||||| |||| 00| 0 spa d</controlfield>
  <datafield ind2=" " tag="090" ind1=" ">
    <subfield code="a">REVIS 15.04.04</subfield>
  </datafield>
  <datafield tag="100" ind1="1" ind2=" ">
    <subfield code="9">53</subfield>
    <subfield code="a">Lastra Torres, Teresa</subfield>
  </datafield>
  <datafield ind2="0" ind1="1" tag="245">
    <subfield code="a">Vulnerabilidad y riesgo social : mujeres en el comercio sexual /</subfield>
    <subfield code="c">Teresa Lastra Torres</subfield>
  </datafield>
  <datafield ind1=" " tag="260" ind2=" ">
    <subfield code="a">Chile :</subfield>
    <subfield code="b">Red de Salud de las mujeres latinoamericanas y del caribe,</subfield>
    <subfield code="c">1997</subfield>
  </datafield>
  <datafield ind2=" " tag="300" ind1=" ">
    <subfield code="a">páginas 59-61</subfield>
  </datafield>
  <datafield ind2="4" ind1="1" tag="650">
    <subfield code="9">54</subfield>
    <subfield code="a">PROSTITUCIÓN</subfield>
  </datafield>
  <datafield ind2="4" ind1="1" tag="650">
    <subfield code="9">55</subfield>
    <subfield code="a">MUJERES</subfield>
  </datafield>
  <datafield ind2="4" tag="650" ind1=" ">
    <subfield code="9">56</subfield>
    <subfield code="a">RIESGO</subfield>
  </datafield>
  <datafield ind2=" " tag="773" ind1="0">
    <subfield code="d">Chile : Red de Salud de las Mujeres Lationamericanas 1997</subfield>
    <subfield code="o">R0006</subfield>
    <subfield code="t">Revista Mujer Salud</subfield>
    <subfield code="x">0716-8381</subfield>
    <subfield code="g">No.4 (octubre- diciembre,1997)</subfield>
  </datafield>
  <datafield ind1=" " tag="942" ind2=" ">
    <subfield code="2">z</subfield>
    <subfield code="c">10</subfield>
  </datafield>
  <datafield ind1=" " tag="999" ind2=" ">
    <subfield code="c">2563</subfield>
    <subfield code="d">2563</subfield>
  </datafield>
</record>